<?xml version="1.0" encoding="UTF-8"?><collection xmlns="http://www.loc.gov/MARC21/slim"><record><leader>00454nam--2200145-i-4500</leader><controlfield tag="001">000046744</controlfield><controlfield tag="002">20161230</controlfield><controlfield tag="005">20161230201046</controlfield><controlfield tag="008">060222s1000------------r-----000-0-eng-d</controlfield><datafield ind1=" " ind2=" " tag="080"><subfield code="a">517.442</subfield></datafield><datafield ind1=" " ind2=" " tag="100"><subfield code="a">Wagner, Karl Willy</subfield></datafield><datafield ind1=" " ind2=" " tag="245"><subfield code="a">Operatorenrechnung und laplacesche transformation nebst anwendungen in physik und technik</subfield></datafield><datafield ind1=" " ind2=" " tag="260"><subfield code="a">Leipzig, Johann Ambrosius Bart Verlag, 1950, Xviii+471p</subfield></datafield><datafield ind1=" " ind2=" " tag="852"><subfield code="a">75913</subfield><subfield code="c">517.63</subfield></datafield><datafield ind1=" " ind2=" " tag="CAT"><subfield code="a">Sys</subfield><subfield code="c">20080916</subfield><subfield code="h">132542</subfield></datafield></record></collection>